@misc{gshare_assignment_edinburgh,
  author = {{University of Edinburgh School of Informatics}},
  title = {Assignment 1: Understanding Branch Prediction},
  url = {https://www.inf.ed.ac.uk/teaching/courses/car/Pracs/2017-18/Assignment1.pdf},
  urldate = {2024-03-25}
}
@misc{pittsburg_branch_prediction,
    author = {Bruce R. Childers},
    title = {Branch Prediction},
    url = {https://people.cs.pitt.edu/~childers/CS2410/slides/lect-branch-prediction.pdf},
    urldate = {2024-03-27}
}
@misc{gshare_boom_core,
    author = {{The Regents of the University of California}},
    title = {The Backing Predictor (BPD)},
    url = {https://docs.boom-core.org/en/latest/sections/branch-prediction/backing-predictor.html},
    urldate = {2024-03-27}
}
@misc{gshare_paper,
    author = {Scott McFarling},
    title = {Combining Branch Predictors},
    url = {https://inst.eecs.berkeley.edu/~cs252/sp17/papers/McFarling-WRL-TN-36.pdf},
    urldate = {2024-03-27}
}
@misc{leela_website,
    author = {Gian-Carlo Pascutto},
    title = {Leela},
    url = {https://www.sjeng.org/leela.html},
    urldate = {2024-04-06}
}